@inproceedings{mainwaring2002wireless,
     title={Wireless sensor networks for habitat monitoring},
       author={Mainwaring, Alan and Culler, David and Polastre, Joseph and Szewczyk, Robert and Anderson, John},
         booktitle={Proceedings of the 1st ACM international workshop on Wireless sensor networks and applications},
           pages={88--97},
             year={2002},
               organization={ACM}
}

@inproceedings{baggio2005wireless,
     title={Wireless sensor networks in precision agriculture},
       author={Baggio, Aline},
         booktitle={ACM Workshop on Real-World Wireless Sensor Networks (REALWSN 2005), Stockholm, Sweden},
           year={2005}
}

@inproceedings{sikka2004wireless,
     title={Wireless sensor devices for animal tracking and control},
       author={Sikka, Pavan and Corke, Peter and Overs, Leslie},
         booktitle={Local Computer Networks, 2004. 29th Annual IEEE International Conference on},
           pages={446--454},
             year={2004},
               organization={IEEE}
}

@article{culler2004guest,
     title={Guest editors' introduction: overview of sensor networks},
       author={Culler, David and Estrin, Deborah and Srivastava, Mani},
         journal={Computer},
           pages={41--49},
             year={2004},
               publisher={IEEE Computer Society}
}

@inproceedings{chen2009design,
     title={The design and implementation of a smart building control system},
       author={Chen, Han and Chou, Paul and Duri, Sastry and Lei, Hui and Reason, Johnathan},
         booktitle={e-Business Engineering, 2009. ICEBE'09. IEEE International Conference on},
           pages={255--262},
             year={2009},
               organization={IEEE}
}

@inproceedings{kim2006wireless,
     title={Wireless sensor networks for structural health monitoring},
       author={Kim, Sukun and Pakzad, Shamim and Culler, David and Demmel, James and Fenves, Gregory and Glaser, Steve and Turon, Martin},
         booktitle={Proceedings of the 4th international conference on Embedded networked sensor systems},
           pages={427--428},
             year={2006},
               organization={ACM}
}

@article{akyildiz2007wireless,
     title={Wireless multimedia sensor networks: A survey},
       author={Akyildiz, Ian Fuat and Melodia, Tommaso and Chowdury, Kaushik R},
         journal={Wireless Communications, IEEE},
           volume={14},
             number={6},
               pages={32--39},
                 year={2007},
                   publisher={IEEE}
}

@article{patwari2005locating,
     title={Locating the nodes: cooperative localization in wireless sensor networks},
       author={Patwari, Neal and Ash, Joshua N and Kyperountas, Spyros and Hero III, Alfred O and Moses, Randolph L and Correal, Neiyer S},
         journal={Signal Processing Magazine, IEEE},
           volume={22},
             number={4},
               pages={54--69},
                 year={2005},
                   publisher={IEEE}
}




@ARTICLE{Wang06reprogrammingwireless,
    author = {Qiang Wang and Yaoyao Zhu and Liang Cheng},
    title = {Reprogramming wireless sensor networks: Challenges and approaches},
    journal = {IEEE Network},
    year = {2006}
}

@INPROCEEDINGS{Jeong04incrementalnetwork,
    author = {Jaein Jeong},
    title = {Incremental network programming for wireless sensors},
    booktitle = {In Proceedings of the First IEEE Communications Society Conference on Sensor and Ad Hoc Communications and Networks IEEE SECON},
    year = {2004},
    pages = {25--33}
}

@ARTICLE{mote,
    author = {Crossbow Technology, Inc.},
    title = {Mote In-Network Programming User Reference},
    year = {2003}
}

@TECHREPORT{Stathopoulos03aremote,
    author = {Thanos Stathopoulos and John Heidemann and Deborah Estrin},
    title = {A Remote Code Update Mechanism for Wireless Sensor Networks},
    institution = {},
    year = {2003}
}

@INPROCEEDINGS{Hui04thedynamic,
    author = {Jonathan W. Hui and David Culler},
    title = {The dynamic behavior of a data dissemination protocol for network programming at scale},
    booktitle = {In Proceedings of the 2nd international},
    year = {2004},
    pages = {81--94},
    publisher = {ACM Press}
}

@INPROCEEDINGS{Kulkarni05mnp:multihop,
    author = {Sandeep S. Kulkarni and Limin Wang},
    title = {Mnp: Multihop network reprogramming service for sensor networks},
    booktitle = {In Proceedings of the 25th International Conference on Distributed Computing Systems (ICDCS},
    year = {2005},
    pages = {7--16}
}

@INPROCEEDINGS{Levis04trickle:a,
    author = {Philip Levis and Neil Patel and David Culler and Scott Shenker},
    title = {Trickle: A Self-Regulating Algorithm for Code Propagation and Maintenance in Wireless Sensor Networks},
    booktitle = {In Proceedings of the First USENIX/ACM Symposium on Networked Systems Design and Implementation (NSDI},
    year = {2004},
    pages = {15--28}
}

@article{citeulike:1990821,
    author = {Phillips, Lane A.},
    citeulike-article-id = {1990821},
    citeulike-linkout-0 = {http://www-users.cs.umn.edu/\~{}phillips/Aqueduct.pdf},
    keywords = {network-programming, wsn},
    posted-at = {2007-11-27 05:59:53},
    priority = {2},
    title = {{Aqueduct:Robust} and Efficient Code Propagation in Heterogeneous Wireless Sensor Networks},
    url = {http://www-users.cs.umn.edu/\~{}phillips/Aqueduct.pdf}
}

@MISC{Reijers03efficientcode,
    author = {Niels Reijers Reijers},
    title = {Efficient Code Distribution in Wireless Sensor Networks},
    year = {2003}
}

@ARTICLE{Marrón05managementand,
    author = {Pedro José Marrón and Andreas Lachenmann and Daniel Minder and Matthias Gauger and Olga Saukh and Kurt Rothermel},
    title = {Management and Configuration Issues for Sensor Networks},
    journal = {International Journal of Network Management},
    year = {2005},
    volume = {15},
    pages = {235--253}
}

@MISC{Levis04thefirecracker,
    author = {Philip Levis and David Culler},
    title = {The Firecracker Protocol},
    year = {2004}
}

@INPROCEEDINGS{Naik05sprinkler:a,
    author = {Vinayak Naik and Anish Arora and Hongwei Zhang and Prasun Sinha},
    title = {Sprinkler: A Reliable and Energy Efficient Data Dissemination Service for Wireless Embedded Devices},
    booktitle = {In Proceedings of the 26th IEEE Real-Time Systems Symposium (RTSS},
    year = {2005}
}


