@article{kirby2001spontaneous,
   title={Spontaneous evolution of linguistic structure-an iterated learning model of the emergence of regularity and irregularity},
   author={Kirby, Simon},
   journal={Evolutionary Computation, IEEE Transactions on},
   volume={5},
   number={2},
   pages={102--110},
   year={2001},
   publisher={IEEE}
}

@article{kirby2002learning,
   title={Learning, bottlenecks and the evolution of recursive syntax},
   author={Kirby, Simon},
   journal={Linguistic evolution through language acquisition: Formal and computational models},
   pages={173--203},
   year={2002},
   publisher={Citeseer}
}

@incollection{kirby2002emergence,
   title={The emergence of linguistic structure: An overview of the iterated learning model},
   author={Kirby, Simon and Hurford, James R},
   booktitle={Simulating the evolution of language},
   pages={121--147},
   year={2002},
   publisher={Springer}
}

@article{griffiths2007language,
   title={Language evolution by iterated learning with Bayesian agents},
   author={Griffiths, Thomas L and Kalish, Michael L},
   journal={Cognitive Science},
   volume={31},
   number={3},
   pages={441--480},
   year={2007},
   publisher={Wiley Online Library}
}

@inbook{hockett1960logical,
   title={Logical considerations in the study of animal communication},
   author={Hockett, Charles Francis},
   pages={392--430},
   year={1960},
   publisher={American Institute of Biological Sciences}
}

@article{seyfarth1980vervet,
   title={Vervet monkey alarm calls: semantic communication in a free-ranging primate},
   author={Seyfarth, Robert M and Cheney, Dorothy L and Marler, Peter},
   journal={Animal Behaviour},
   volume={28},
   number={4},
   pages={1070--1094},
   year={1980},
   publisher={Elsevier}
}

@book{deacon1997symbolic,
   title={The symbolic species: The co-evolution of language and the brain},
   author={Deacon, Terrence William},
   year={1997},
   publisher={WW Norton \& Company}
}

@article{hauser2002faculty,
   title={The faculty of language: What is it, who has it, and how did it evolve?},
   author={Hauser, Marc D and Chomsky, Noam and Fitch, W Tecumseh},
   journal={science},
   volume={298},
   number={5598},
   pages={1569--1579},
   year={2002},
   publisher={American Association for the Advancement of Science}
}

@article{nowak2001evolution,
   title={Evolution of universal grammar},
   author={Nowak, Martin A and Komarova, Natalia L and Niyogi, Partha},
   journal={Science},
   volume={291},
   number={5501},
   pages={114--118},
   year={2001},
   publisher={American Association for the Advancement of Science}
}

@book{nolfi2010evolution,
   title={Evolution of communication and language in embodied agents},
   author={Nolfi, Stefano and Mirolli, Marco},
   year={2010},
   publisher={Springer}
}

@article{christiansen2003language,
   title={Language evolution: Consensus and controversies},
   author={Christiansen, Morten H and Kirby, Simon},
   journal={Trends in Cognitive Sciences},
   volume={7},
   number={7},
   pages={300--307},
   year={2003},
   publisher={Elsevier}
}


@book{chomsky1986knowledge,
   title={Knowledge of language: Its nature, origin, and use},
   author={Chomsky, Noam},
   year={1986},
   publisher={Praeger Publishers}
}

@article{steels1997synthetic,
   title={The synthetic modeling of language origins},
   author={Steels, Luc},
   journal={Evolution of communication},
   volume={1},
   number={1},
   pages={1--34},
   year={1997},
   publisher={John Benjamins Publishing Company}
}

@book{mcwhorter1997towards,
   title={Towards a new model of creole genesis},
   author={McWhorter, John H and Gilbert, Glenn},
   year={1997},
   publisher={P. Lang}
}

@book{thomason1991language,
   title={Language contact, creolization, and genetic linguistics},
   author={Thomason, Sarah Grey and Kaufman, Terrence},
   year={1991},
   publisher={Univ of California Press}
}

@book{andersen1983pidginization,
   title={Pidginization and Creolization as Language Acquisition.},
   author={Andersen, Roger W},
   year={1983},
   publisher={ERIC}
}



@article{schumann1974implications,
   title={The implications of interlanguage, pidginization and creolization for the study of adult second language acquisition},
   author={Schumann, John H},
   journal={Tesol Quarterly},
   pages={145--152},
   year={1974},
   publisher={JSTOR}
}

@book{cook1996chomsky,
   title={Chomsky's universal grammar: an introduction},
   author={Cook, Vivian James and Newson, Mark and Ning, Chunyan},
   year={1996},
   publisher={Blackwell Oxford}
}




@inbook{trask1999language,
   title={Language: the basics},
   author={Trask, Robert Lawrence},
   year={1999},
   pages={1--5},
   publisher={Psychology Press}
}

@inproceedings{steels1990cooperation,
   title={Cooperation between distributed agents through self-organisation},
   author={Steels, Luc},
   booktitle={Intelligent Robots and Systems' 90.'Towards a New Frontier of Applications', Proceedings. IROS'90. IEEE International Workshop on},
   pages={8--14},
   year={1990},
   organization={IEEE}
}

@techreport{georgeff1984communication,
   title={Communication and interaction in multi-agent planning},
   author={Georgeff, Michael},
   year={1984},
   institution={DTIC Document}
}

@article{poggio1990network,
   title={A network that learns to recognize 3D objects},
   author={Poggio, Tomaso and Edelman, Shimon},
   journal={Nature},
   volume={343},
   number={6255},
   pages={263--266},
   year={1990}
}

@article{benello1989syntactic,
   title={Syntactic category disambiguation with neural networks},
   author={Benello, Julian and Mackie, Andrew W and Anderson, James A},
   journal={Computer Speech \& Language},
   volume={3},
   number={3},
   pages={203--217},
   year={1989},
   publisher={Elsevier}
}

@article{steels1993artificial,
   title={The artificial life roots of artificial intelligence},
   author={Steels, Luc},
   journal={Artificial Life},
   volume={1},
   number={1\_2},
   pages={75--110},
   year={1993},
   publisher={MIT Press}
}

@misc{whydowetalk,
   title={Why Do We Talk? (Documentary)},
   author={BBC Horizon},
   howpublished={\url{http://www.youtube.com/watch?v=oNxDIF-hOHM\&t=50m25s}}
}
