@ARTICLE{Wang06reprogrammingwireless,
    author = {Qiang Wang and Yaoyao Zhu and Liang Cheng},
    title = {Reprogramming wireless sensor networks: Challenges and approaches},
    journal = {IEEE Network},
    year = {2006}
}

@INPROCEEDINGS{Jeong04incrementalnetwork,
    author = {Jaein Jeong},
    title = {Incremental network programming for wireless sensors},
    booktitle = {In Proceedings of the First IEEE Communications Society Conference on Sensor and Ad Hoc Communications and Networks IEEE SECON},
    year = {2004},
    pages = {25--33}
}

@ARTICLE{mote,
    author = {Crossbow Technology, Inc.},
    title = {Mote In-Network Programming User Reference},
    year = {2003}
}

@TECHREPORT{Stathopoulos03aremote,
    author = {Thanos Stathopoulos and John Heidemann and Deborah Estrin},
    title = {A Remote Code Update Mechanism for Wireless Sensor Networks},
    institution = {},
    year = {2003}
}

@INPROCEEDINGS{Hui04thedynamic,
    author = {Jonathan W. Hui and David Culler},
    title = {The dynamic behavior of a data dissemination protocol for network programming at scale},
    booktitle = {In Proceedings of the 2nd international},
    year = {2004},
    pages = {81--94},
    publisher = {ACM Press}
}

@INPROCEEDINGS{Kulkarni05mnp:multihop,
    author = {Sandeep S. Kulkarni and Limin Wang},
    title = {Mnp: Multihop network reprogramming service for sensor networks},
    booktitle = {In Proceedings of the 25th International Conference on Distributed Computing Systems (ICDCS},
    year = {2005},
    pages = {7--16}
}

@INPROCEEDINGS{Levis04trickle:a,
    author = {Philip Levis and Neil Patel and David Culler and Scott Shenker},
    title = {Trickle: A Self-Regulating Algorithm for Code Propagation and Maintenance in Wireless Sensor Networks},
    booktitle = {In Proceedings of the First USENIX/ACM Symposium on Networked Systems Design and Implementation (NSDI},
    year = {2004},
    pages = {15--28}
}

@article{citeulike:1990821,
    author = {Phillips, Lane A.},
    citeulike-article-id = {1990821},
    citeulike-linkout-0 = {http://www-users.cs.umn.edu/\~{}phillips/Aqueduct.pdf},
    keywords = {network-programming, wsn},
    posted-at = {2007-11-27 05:59:53},
    priority = {2},
    title = {{Aqueduct:Robust} and Efficient Code Propagation in Heterogeneous Wireless Sensor Networks},
    url = {http://www-users.cs.umn.edu/\~{}phillips/Aqueduct.pdf}
}

@MISC{Reijers03efficientcode,
    author = {Niels Reijers Reijers},
    title = {Efficient Code Distribution in Wireless Sensor Networks},
    year = {2003}
}

@INPROCEEDINGS{Jeong04incrementalnetwork,
    author = {Jaein Jeong},
    title = {Incremental network programming for wireless sensors},
    booktitle = {In Proceedings of the First IEEE Communications Society Conference on Sensor and Ad Hoc Communications and Networks IEEE SECON},
    year = {2004},
    pages = {25--33}
}

@ARTICLE{Marrón05managementand,
    author = {Pedro José Marrón and Andreas Lachenmann and Daniel Minder and Matthias Gauger and Olga Saukh and Kurt Rothermel},
    title = {Management and Configuration Issues for Sensor Networks},
    journal = {International Journal of Network Management},
    year = {2005},
    volume = {15},
    pages = {235--253}
}

@MISC{Levis04thefirecracker,
    author = {Philip Levis and David Culler},
    title = {The Firecracker Protocol},
    year = {2004}
}

@INPROCEEDINGS{Naik05sprinkler:a,
    author = {Vinayak Naik and Anish Arora and Hongwei Zhang and Prasun Sinha},
    title = {Sprinkler: A Reliable and Energy Efficient Data Dissemination Service for Wireless Embedded Devices},
    booktitle = {In Proceedings of the 26th IEEE Real-Time Systems Symposium (RTSS},
    year = {2005}
}


